@Article{Arauco2022,
author = "Arauco Alarcon, R. P.",
title = "Desarrollo de un pipeline bioinformático que permite el ensamblaje y la anotación del genoma de la bacteria Rickettsia asembonensis",
journal = "Tesis de pregrado, Universidad Nacional Mayor de San Marcos",
shortjournal = "Tesis UNMSM",
date = "2022",
year = "2022", 
address = "Lima, Perú",
volume = "",
number = "",
pages = "",
keywords = "Bioinformática, Ensamblaje de Genomas, Rickettsia asembonensis",
abstract = "Esta tesis presenta el desarrollo de un pipeline bioinformático para el ensamblaje y la anotación del genoma de la bacteria Rickettsia asembonensis.",
doi = "",
url = "https://example.com/tesis-arauco-alarcon-2022",
language = "es"
}

@Article{Lee2021,
  author = "Lee, K. and Kim, D.-W. and Cha, C.-J.",
  title = "Overview of bioinformatic methods for analysis of antibiotic resistome from genome and metagenome data",
  journal = "Journal of Microbiology",
  shortjournal = "J. Microbiol.",
  date = "2021-03",
  year = "2021",
  address = "South Korea",
  volume = "59",
  number = "3",
  pages = "270--280",
  keywords = "Antibiotic resistome, Bioinformatics, Genome analysis, Metagenome analysis",
  abstract = "This review provides an overview of various bioinformatic approaches used for analyzing antibiotic resistome from both genome and metagenome data, discussing the advantages, limitations, and applications of each method.",
  doi = "10.1007/s12275-021-0652-4",
  url = "https://doi.org/10.1007/s12275-021-0652-4",
  language = "eng"
}

@Article{Almutairi_LGAAP,
  author    = "H. Almutairi and M. D. Urbaniak and M. D. Bates and N. Jariyapan and G. Kwakye-Nuako and V. Thomaz-Soccol and W. S. Al-Salem and R. J. Dillon and P. A. Bates and D. Gatherer",
  title     = "LGAAP: Leishmaniinae Genome Assembly and Annotation Pipeline",
  journal   = "Microbiology Resource Announcements",
  shortjournal = "Microbiol Resour Announc",
  year      = "2021",
  volume    = "10",
  number    = "29",
  pages     = "e00439-21",
  doi       = "10.1128/MRA.00439-21",
  url       = "https://doi.org/10.1128/MRA.00439-21",
  note      = "s.f.",
  language  = "eng"
}

@misc{Moran2019,
  author    = "A. Morán and A. Morán",
  title     = "El uso del Big Data en la Ciencia",
  howpublished = "Dciencia | Blog de Ciencia Para Todos",
  year      = "2019",
  month     = "junio",
  day       = "20",
  url       = "https://www.dciencia.es/el-uso-del-big-data-en-la-ciencia/",
  note      = "Accedido: 6 de diciembre de 2023",
  language  = "es"
}

@misc{Conogasi2016,
  author    = "{Conogasi}",
  title     = "Secuenciación de alto rendimiento (Pirosecuenciación e Illumina)",
  howpublished = "\url{https://conogasi.org/articulos/secuenciacion-de-alto-rendimiento-pirosecuenciacion-e-illumina/}",
  note      = "Accedido: 4 de noviembre de 2016",
  language  = "es"
}

@Article{Cortes-Lopez2020,
  author    = "Cortés-López, N. G. and Ordóñez-Baquera, P. L. and Domínguez-Viveros, J.",
  title     = "Herramientas moleculares utilizadas para el análisis metagenómico. Revisión",
  journal   = "Revista Mexicana de Ciencias Pecuarias",
  shortjournal = "Rev. Mex. Cienc. Pecuarias",
  date      = "2020",
  year      = "2020",
  volume    = "11",
  number    = "4",
  pages     = "1150--1173",
  doi       = "10.22319/rmcp.v11i4.5202",
  url       = "https://doi.org/10.22319/rmcp.v11i4.5202",
  language  = "es"
}

@misc{Moran2019-2,
  author       = "Morán, A. and Morán, A.",
  title        = "El uso del Big Data en la Ciencia",
  howpublished = "\textit{Dciencia | Blog de Ciencia Para Todos}",
  date         = "2019-06-20",
  year         = "2019",
  url          = "https://www.dciencia.es/el-uso-del-big-data-en-la-ciencia/#google_vignette",
  note         = "Recuperado de Dciencia",
  language     = "es"
}

@Article{Hadad2011,
  author       = "Hadad, A. and Simonetti, F. and Pocay, L. and Elias, W.",
  title        = "Experiencias de desarrollo en tareas de procesamiento y gestión de datos en bioinformática",
  journal      = "Facultad de Ingeniería",
  volume       = "20",
  number       = "31",
  pages        = "69--76",
  year         = "2011",
  note         = "Trabajo presentado en la Facultad de Ingeniería",
  language     = "es"
}

@online{Diez2023,
  author       = "Díez, A. G.",
  title        = "Fichas DevOps: Comandos Unix",
  organization = "Autentia",
  year         = "2023",
  month        = "28 abril",
  url          = "https://www.autentia.com/2023/03/21/fichas-devops-comandos-unix/",
  note         = "Consultado: 6 de junio de 2024"
}

@online{JavatPoint,
  author       = "{JavatPoint}",
  title        = "Bash Scripting",
  organization = "www.javatpoint.com",
  year         = "s. f.",
  url          = "https://www-javatpoint-com.translate.goog/bash-scripting?_x_tr_sl=en&_x_tr_tl=es&_x_tr_hl=es&_x_tr_pto=sc",
  note         = "Consultado: 6 de junio de 2024"
}

@online{ProgBash,
  title        = "Programación en Bash",
  author       = "Programación para la bioinformática",
  year         = "s. f.",
  url          = "https://blogs.upm.es/estudiaciencia/programacion-en-bash/",
  note         = "Consultado el 6 de junio de 2024"
}

@thesis{LomasRedondo2021,
  author = {Lomas Redondo, A.},
  title = {Creación de un pipeline para análisis de datos metagenómicos basado en Nextflow},
  year = {2021},
  school = {Universitat Politècnica de València},
  url = {http://hdl.handle.net/10251/171195}
}

@online{VeritasTechnologies,
  author = {{Veritas Technologies}},
  title = {What is Containerization? What are the Benefits?},
  year = {s. f.},
  url = {https://www.veritas.com/es/mx/information-center/containerization}
}

@online{IBMDocker,
  author = {{IBM}},
  title = {¿Qué es Docker?},
  year = {s. f.},
  url = {https://www.ibm.com/mx-es/topics/docker}
}

@online{RedHatDocker,
  author = {{Red Hat}},
  title = {¿Qué es Docker y cómo funciona? Ventajas de los contenedores Docker},
  year = {s. f.},
  url = {https://www.redhat.com/es/topics/containers/what-is-docker}
}

@article{Yan2022,
  author = {Yan, Y. and Li, H. and Fayyaz, A. and Gai, Y.},
  title = {``Metagenomic and network analysis revealed wide distribution of antibiotic resistance genes in monkey gut microbiota''},
  journal = {Microbiological Research},
  volume = {254},
  year = {2022},
  pages = {126895},
  doi = {10.1016/j.micres.2021.126895},
  url = {https://doi.org/10.1016/j.micres.2021.126895}
}

@article{Lee2021-2,
  author = {Lee, K. and Kim, D.-W. and Cha, C.-J.},
  title = {``Overview of bioinformatic methods for analysis of antibiotic resistome from genome and metagenome data''},
  journal = {Journal of Microbiology},
  volume = {59},
  number = {3},
  pages = {270--280},
  year = {2021},
  doi = {10.1007/s12275-021-0652-4},
  url = {https://doi.org/10.1007/s12275-021-0652-4}
}

@article{AlmutairiLeishmaniinae2021,
  author = {Almutairi, H. and Urbaniak, M. D. and Bates, M. D. and Jariyapan, N. and Kwakye-Nuako, G. and Thomaz-Soccol, V. and Al-Salem, W. S. and Dillon, R. J. and Bates, P. A. and Gatherer, D.},
  title = {``LGAAP: Leishmaniinae Genome Assembly and Annotation Pipeline''},
  journal = {Microbiology Resource Announcements},
  volume = {10},
  number = {29},
  pages = {e00439-21},
  year = {2021},
  doi = {10.1128/MRA.00439-21},
  url = {https://doi.org/10.1128/MRA.00439-21}
}